@string{dv      = "International Conference on 3D Vision (3DV)"}
@string{eccv    = "European conference on computer vision (ECCV)"}
@string{eusipco = "European Signal Processing Conference (EUSIPCO)"}
@string{ftr     = "Foundations and Trends in Robotics"}
@string{huma    = "International Conference on Humanoid Robotics (Humanoids)"}
@string{icar    = "International Conference on Advanced Robotics (ICAR)"}
@string{icarcv  = "International Conference on Control, Automation, Robotics and Vision (ICARCV)"}
@string{iccv    = "IEEE International Conference on Computer Vision (ICCV)"}
@string{ichr    = "IEEE International Conference on Humanoid Robotics (ICHR)"}
@string{icinco  = "International Conference on Informatics in Control, Automation and Robotics (ICINCO)"}
@string{icra    = "International Conference on Robotics and Automation (ICRA)"}
@string{ijcv    = "International Journal of Computer Vision (IJCV)"}
@string{ijhr    = "International Journal of Humanoid Robotics (IJHR)"}
@string{ijrr    = "International Journal of Robotics Research"}
@string{irc     = "IEEE International Conference on Robotic Computing (IRC)"}
@string{iros    = "IEEE International Conference on Intelligent Robots and Systems (IROS)"}
@string{ismar   = "IEEE International Symposium on Mixed and Augmented Reality (ISMAR)"}
@string{isprs   = "ISPRS Annals of the Photogrammetry, Remote Sensing and Spatial Information Sciences (ISPRS Annals)"}
@string{itro    = "IEEE Transactions on Robotics (T-RO)"}
@string{jfr     = "Journal of Field Robotics"}
@string{pami    = "IEEE Transactions on Pattern Analysis and Machine Intelligence (TPAMI)"}
@string{ral     = "IEEE Robotics and Automation Letters (RAL)"}
@string{rss     = "Robotics: Science and Systems (RSS)"}
@string{sas     = "Statistics and Analysis of Shapes"}

@inproceedings{lasguignes:icar:2021,
  TITLE = {{ICP Localization and Walking Experiments on a TALOS Humanoid Robot}},
  AUTHOR = {\myref{Thibaud Lasguignes} and Isabelle Maroger and Maurice Fallon and Milad Ramezani and Luca Marchionni and Olivier Stasse and Nicolas Mansard and Bruno Watier},
  BOOKTITLE = icar,
  YEAR = {2021},
  KEYWORDS = {LiDAR-based localization ; TALOS humanoid robot ; walking},
  pages={800-805},
  PDF = {https://hal.laas.fr/hal-03482225/file/ICAR_2021_System_TALOS_Localization_Walking_final_fixed_video.pdf},
  doi={10.1109/ICAR53236.2021.9659474}
}

@inproceedings{lasguignes:irc:2023,
  TITLE = {{LiDAR-based localization system for kidnapped robots}},
  AUTHOR = {\myref{Thibaud Lasguignes} and Guillaume Gobin and Olivier Stasse},
  BOOKTITLE = irc,
  pages={8},
  YEAR = {2023},
  KEYWORDS = {LiDAR, place recognition, kidnapped robot, humanoid robot, perception},
  PDF = {},
}

