@string{acmtg   = "ACM Transactions on Graphics (ToG)"}
@string{auro    = "Autonomous Robots"}
@string{bmb     = "The Bulletin of Mathematical Biophysics"}
@string{clawar  = "Int. Conf. on Climbing and Walking Robots (CLAWAR)"}
@string{corl    = "Conference on Robot Learning (CoRL)"}
@string{cvpr    = "IEEE Int. Conf. on Computer Vision and Pattern Recognition (CVPR)"}
@string{cscvpr  = "IEEE Computer Society Conference on Computer Vision and Pattern Recognition"}
@string{dv      = "Int. Conf. on 3D Vision (3DV)"}
@string{eccv    = "European conference on computer vision (ECCV)"}
@string{eccv    = "European conference on computer vision Workshops (ECCVW)"}
@string{eusipco = "European Signal Processing Conference (EUSIPCO)"}
@string{ftr     = "Foundations and Trends in Robotics"}
@string{frai    = "Frontiers in Robotics and AI"}
@string{htl     = "Healthcare Technology Letters"}
@string{huma    = "IEEE-RAS Int. Conf. on Humanoid Robotics (Humanoids)"}
@string{iaa     = "3D Imaging, Analysis and Applications"}
@string{icar    = "Int. Conf. on Advanced Robotics (ICAR)"}
@string{icarcv  = "Int. Conf. on Control, Automation, Robotics and Vision (ICARCV)"}
@string{icase   = "Int. Conf. on Automation Science and Engineering (CASE)"}
@string{iccv    = "IEEE Int. Conf. on Computer Vision (ICCV)"}
@string{ichr    = "IEEE-RAS Int. Conf. on Humanoid Robotics (ICHR)"}
@string{icinco  = "Int. Conf. on Informatics in Control, Automation and Robotics (ICINCO)"}
@string{icip    = "IEEE int Conf. on Image Processing and Robotics (ICIP)"}
@string{icra    = "Int. Conf. on Robotics and Automation (ICRA)"}
@string{ieee    = "Proc. of the IEEE"}
@string{iis     = "Intelligent Industrial Systems"}
@string{ijcnn   = "Int. Joint Conf. on Neural Networks (IJCNN)"}
@string{ijcv    = "Int. Jour. of Computer Vision (IJCV)"}
@string{ijhr    = "Int. Jour. of Humanoid Robotics (IJHR)"}
@string{ijrr    = "Int. Jour. of Robotics Research"}
@string{iram    = "IEEE Robotics \& Automation Magazine"}
@string{iros    = "IEEE Int. Conf. on Intelligent Robots and Systems (IROS)"}
@string{ismar   = "IEEE Int. Symp. on Mixed and Augmented Reality (ISMAR)"}
@string{ismc    = "IEEE Int. Conf. on Systems, Man and Cybernetics (SMC)"}
@string{isprs   = "ISPRS Annals of the Photogrammetry, Remote Sensing and Spatial Information Sciences (ISPRS Annals)"}
@STRING{issi    = "IEEE/SICE Int. Symp. on System Integration (SII)"}
@string{itro    = "IEEE Transactions on Robotics (T-RO)"}
@string{jfr     = "Jour. of Field Robotics"}
@string{jrsssb  = "Jour. of the Royal Statistical Society: Series B (Statistical Methodology)"}
@string{nips    = "Advances in Neural Information Processing Systems"}
@string{pami    = "IEEE Transactions on Pattern Analysis and Machine Intelligence (TPAMI)"}
@string{pr      = "Psychological Review"}
@string{ral     = "IEEE Robotics and Automation Letters (RAL)"}
@string{ras     = "Robotics and Autonomous Systems"}
@string{rss     = "Robotics: Science and Systems (RSS)"}
@string{sas     = "Statistics and Analysis of Shapes"}
@string{spme    = "Semantic Perception Mapping and Exploration (SPME)"}
@string{sr      = "Scientific Reports"}
@string{wacv    = "IEEE Winter Conf. on Applications of Computer Vision (WACV)"}

@inproceedings{lasguignes:icar:2021,
  TITLE = {{ICP Localization and Walking Experiments on a TALOS Humanoid Robot}},
  AUTHOR = {\myref{Thibaud Lasguignes} and Isabelle Maroger and Maurice Fallon and Milad Ramezani and Luca Marchionni and Olivier Stasse and Nicolas Mansard and Bruno Watier},
  BOOKTITLE = icar,
  YEAR = {2021},
  KEYWORDS = {LiDAR-based localization ; TALOS humanoid robot ; walking},
  pages={800-805},
  PDF = {https://hal.laas.fr/hal-03482225/file/ICAR_2021_System_TALOS_Localization_Walking_final_fixed_video.pdf},
  doi={10.1109/ICAR53236.2021.9659474}
}

@inproceedings{lasguignes:irc:2023,
  TITLE = {{LiDAR-based localization system for kidnapped robots}},
  AUTHOR = {\myref{Thibaud Lasguignes} and Guillaume Gobin and Olivier Stasse},
  BOOKTITLE = irc,
  pages={8},
  YEAR = {2023},
  KEYWORDS = {LiDAR, place recognition, kidnapped robot, humanoid robot, perception},
  PDF = {},
}

@phdthesis{lasguignes:these:2023,
  TITLE = {{Object recognition for locomotion and manipulation with a humanoid robot in an industrial environment}},
  AUTHOR = {\myref{Thibaud Lasguignes}},
  URL = {https://laas.hal.science/tel-04281618},
  NUMBER = {2023ISAT0018},
  HAL_LOCAL_REFERENCE = {Rapport LAAS n{\textdegree} 23371},
  SCHOOL = {{INSA de Toulouse}},
  YEAR = {2023},
  MONTH = Aug,
  KEYWORDS = {Robotic ; Vision ; Object recognition ; Slam ; Robotique ; Vision ; Reconnaissance d'objets ; Slam},
  TYPE = {Theses},
  PDF = {https://laas.hal.science/tel-04281618v2/file/2023ThibaudLASGUIGNES.pdf},
  HAL_ID = {tel-04281618},
  HAL_VERSION = {v2},
}

@article{besl:pami:1992,
  author = {P. J. {Besl} and N. D. {McKay}},
  journal = pami,
  title = {A method for registration of 3-D shapes},
  year = {1992},
  volume = {14},
  number = {2},
  pages = {239-256},
}

@inproceedings{dellaert:icra:1999,
  author = {F. {Dellaert} and D. {Fox} and W. {Burgard} and S. {Thrun}},
  title = {Monte Carlo Localization for Mobile Robots},
  pages = {1322-1328},
  volume = {2},
  year = {1999},
  booktitle = icra
}

@article{davison:pami:2006,
  author = {A. J. {Davison} and I. D. {Reid} and N. D. {Molton} and O. {Stasse}},
  journal = pami,
  title = {MonoSLAM: Real-Time Single Camera SLAM},
  year = {2007},
  volume = {29},
  number = {6},
  pages = {1052-1067},
}

@inproceedings{rusu:iros:2008,
  author={R. B. {Rusu} and N. {Blodow} and Z. C. {Marton} and M. {Beetz}},
  booktitle=iros,
  title={Aligning point cloud views using persistent feature histograms},
  year={2008},
  volume={},
  number={},
  pages={3384-3391},
  doi={10.1109/IROS.2008.4650967}
}

@inproceedings{rusu:iccarv:2008,
  author={R. B. {Rusu} and Z. C. {Marton} and N. {Blodow} and M. {Beetz}},
  booktitle=icarcv,
  title={Learning informative point classes for the acquisition of object model maps},
  year={2008},
  volume={},
  number={},
  pages={643-650},
  doi={10.1109/ICARCV.2008.4795593}
}

@inproceedings{rusu:icra:2009,
  author={R. B. {Rusu} and N. {Blodow} and M. {Beetz}},
  booktitle=icra,
  title={Fast Point Feature Histograms (FPFH) for 3D registration},
  year={2009},
  volume={},
  number={},
  pages={3212-3217},
  doi={10.1109/ROBOT.2009.5152473}
}

@inproceedings{hornung:iros:2010,
  author = {A. {Hornung} and K. M. {Wurm} and M. {Bennewitz}},
  title = {Humanoid robot localization in complex indoor environments},
  booktitle = iros,
  pages = {1690-1695},
  year = {2010}
}

@INPROCEEDINGS{pomerleau:iros:2011,
  author = {F. {Pomerleau} and S. {Magnenat} and F. {Colas} and M. {Liu} and R. {Siegwart}},
  title = {Tracking a Depth Camera: Parameter Exploration for Fast ICP},
  booktitle = iros,
  publisher = {IEEE Press},
  pages = {3824--3829},
  year = {2011}
}

@inproceedings{osswald:iros:2012,
  author = {S. {O{\ss}wald} and A. {Hornung} and M. {Bennewitz}},
  title = {Improved proposals for highly accurate localization using range and vision data},
  year = {2012},
  booktitle = iros,
  pages = {229-254},
}

@article{Pomerleau:ar:2013,
  author = {F. {Pomerleau} and F. {Colas} and R. {Siegwart} and S. {Magnenat}},
  title = {Comparing ICP Variants on Real-World Data Sets},
  journal = {Autonomous Robots},
  year = {2013},
  vol = {34}, 
  number = {3},
  pages = {133–148},
  month = feb
}

@techreport{old:fallon:mit:2015,
  author={M. {Fallon} and S. {Kuindersma} and S. {Karumanchi} and M. {Antone} and T. {Schneider} and H. {Dai} and C. {P{\'e}rez-D'Arpino} and R. {Deits} and M. {Dicicco} and D. {Fourie} and T. {Koolen} and P. {Marion} and M. {Posa} and A. {Valenzuela} and K-T. {Yu} and J. {Shah} and K. {Iagnemma} and R. {Tedrake} and and S. {Teller}},
  title = {An Architecture for Online Affordance-based Perception and Whole-body Planning},
  journal=jfr,
  volume={32},
  number={2},
  pages={229--254},
  year={2015},
  publisher={Wiley Online Library}
}

@article{fallon:mit:2015,
  author={M. {Fallon} and S. {Kuindersma} and S. {Karumanchi} and M. {Antone} and T. {Schneider} and H. {Dai} and C. {P{\'e}rez-D'Arpino} and R. {Deits} and M. {Dicicco} and D. {Fourie} and T. {Koolen} and P. {Marion} and M. {Posa} and A. {Valenzuela} and K-T. {Yu} and J. {Shah} and K. {Iagnemma} and R. {Tedrake} and and S. {Teller}},
  journal = jfr,
  number = {2},
  pages = {229--254},
  title = {{An Architecture for Online Affordance-based Perception and Whole-body Planning}},
  volume = {32},
  year = {2015}
}

@article{hackel:isprs:2016,
   author = {T. {Hackel} and J. {Wegner} and K. {Schindler}},
   year = {2016},
   month = {06},
   pages = {177-184},
   title = {Fast Semantic Segmentation of 3D Point Clouds with Strongly Varying Density},
   volume = {III-3},
   journal = isprs,
   doi = {10.5194/isprs-annals-III-3-177-2016}
}

@InProceedings{nobili:icra:2017,
  author =  {S. {Nobili} and R. {Scona} and M. {Caravagna} and M. {Fallon}},
  title =  {Overlap-based ICP tuning for robust localization of a humanoid robot},
  booktitle = icra,
  year =  {2017},
  pages =  {4721-4728},
}

@article{tsagarakis:field_robotics:2017,
  author = {N. G. {Tsagarakis} and D. G. {Caldwell} and F. {Negrello} and W. {Choi} and L. {Baccelliere} and V.G. {Loc} and J. {Noorden} and L. {Muratore} and A. {Margan} and A. {Cardellino} and L. {Natale} and E. {Mingo} {Hoffman} and H. {Dallali} and N. {Kashiri} and J. {Malzahn} and J. {Lee} and P. {Kryczka} and D. {Kanoulas} and M. {Garabini} and M. {Catalano} and M. {Ferrati} and V. {Varricchio} and L. {Pallottino} and C. {Pavan} and A. {Bicchi} and A. {Settimi} and A. {Rocchi} and A. {Ajoudani}},
  title = {WALK-MAN: A High-Performance Humanoid Platform for Realistic Environments},
  journal = jfr,
  vol = {34},
  number = {7},
  pages = {1225–1259},
  year = {2017},
}

@article{dellaert:ftr:2017,
  author = {F. {Dellaert} and M. {Kaess}},
  title = {Factor Graphs for Robot Perception},
  journal = ftr,
  volume = {6},
  Number = {1-2},
  year = {2017},
}

@inproceedings{stasse:ichr:2017,
  author = {O. {Stasse} and T. {Flayols} and R. {Budhiraja} and K. {Giraud-Esclasse} and J. {Carpentier} and J. {Mirabel} and A. {Del Prete} and P. {Souères} and N. {Mansard} and F. {Lamiraux} and J.-P. {Laumond} and L. {Marchionni} and H. {Tome} and F. {Ferro}},
  TITLE = {{TALOS: A new humanoid research platform targeted for industrial applications}},
  BOOKTITLE = ichr,
  YEAR = {2017}
}

@inproceedings{thomas:3dv:2018,
  TITLE = {{Semantic Classification of 3D Point Clouds with Multiscale Spherical Neighborhoods}},
  AUTHOR = {H. {Thomas} and J.-E. {Deschaud} and B. {Marcotegui} and F. {Goulette} and Y. L. {Gall}},
  URL = {https://hal.archives-ouvertes.fr/hal-01985640},
  NOTE = {3DV2018},
  BOOKTITLE = dv,
  ADDRESS = {Verone, Italy},
  YEAR = {2018},
  MONTH = Sep,
  DOI = {10.1109/3DV.2018.00052},
  HAL_ID = {hal-01985640},
  HAL_VERSION = {v1},
}

@inproceedings{tanguy:icra:2019,
  author = {A. {Tanguy} and D. {De Simone} and A. I. {Comport} and G. {Oriolo} and A. {Kheddar}},
  title = {Closed-loop MPC with Dense Visual SLAM - Stability through Reactive Stepping},
  booktitle = icra,
  pages = {1397--1403},
  year = {2019},
}

@inproceedings{ramezani:icra:2020,
  title = {Online LiDAR-SLAM for Legged Robots with Robust Registration and Deep-Learned Loop Closure},
  author = {M. {Ramezani} and G. {Tinchev} and E. {Iuganov} and M. {Fallon}},
  year = {2020},
  booktitle = icra,
  isbn = {978-1-72817-395-5},
  url = {https://ieeexplore.ieee.org/document/9196769/},
  doi = {10.1109/ICRA40945.2020.9196769},
  pages = {4158--4164},
}

@INPROCEEDINGS{stancelova:eusipco:2021,
  author = {P. {Stancelova} and E. {Sikudova} and Z. {Cernekova}},
  booktitle = eusipco,
  title = {3D Feature Detector-Descriptor Pair Evaluation on Point Clouds},
  year = {2021},
  volume = {},
  number = {},
  pages = {590-594},
  doi = {10.23919/Eusipco47968.2020.9287339}
}

@inproceedings{frome:eccv:2004,
  title={Recognizing objects in range data using regional point descriptors},
  author={A. {Frome} and D. {Huber} and R. {Kolluri} and T. {B{\"u}low} and J. {Malik}},
  booktitle=eccv,
  pages={224--237},
  year={2004},
  organization={Springer}
}

@ARTICLE{belongie:pami:2002,
  author={S. {Belongie} and J. {Malik} and J. {Puzicha}},
  journal=pami,
  title={Shape matching and object recognition using shape contexts},
  year={2002},
  volume={24},
  number={4},
  pages={509-522},
  doi={10.1109/34.993558}
}

@incollection{belongie:sas:2006,
  title={Matching with shape contexts},
  author={S. {Belongie} and G. {Mori} and J. {Malik}},
  booktitle=sas,
  pages={81--105},
  year={2006},
  publisher={Springer}
}

@inproceedings{tombari:pacmw:2010,
  title={Unique shape context for 3D data description},
  author={F. {Tombari} and S. {Salti} and L. {Di Stefano}},
  booktitle={Proceedings of the ACM workshop on 3D object retrieval},
  pages={57--62},
  year={2010}
}

@inproceedings{tombari:eccv:2010,
  title={Unique signatures of histograms for local surface description},
  author={F. {Tombari} and S. {Salti} and L. {Di Stefano}},
  booktitle=eccv,
  pages={356--369},
  year={2010},
  organization={Springer}
}

@inproceedings{tombari:icip:2011,
  title={A combined texture-shape descriptor for enhanced 3D feature matching},
  author={F. {Tombari} and S. {Salti} and L. {Di Stefano}},
  booktitle={2011 18th IEEE international conference on image processing},
  pages={809--812},
  year={2011},
  organization={IEEE}
}

@misc{fallon:planeseg:2019,
  author = {M. {Fallon} and M. {Antone}},
  url = {https://github.com/ori-drs/plane_seg},
  howpublished = {\url{https://github.com/ori-drs/plane_seg}},
  title = {{Plane Seg – Robustly and Efficiently Extracting Contact Regions from Depth Data}},
  year = {2019},
}

@article{Fankhauser:ral:2018,
  author = {P. {Fankhauser} and M. {Bloesch} and M. {Hutter}},
  doi = {10.1109/LRA.2018.2849506},
  title = {Probabilistic Terrain Mapping for Mobile Robots with Uncertain Localization},
  journal = ral,
  volume = {3},
  number = {4},
  pages = {3019--3026},
  year = {2018}
}

@inproceedings{Fankhauser:clawar:2014,
  author = {P. {Fankhauser} and M. {Bloesch} and C. {Gehring} and M. {Hutter} and R. {Siegwart}},
  title = {Robot-Centric Elevation Mapping with Uncertainty Estimates},
  booktitle = clawar,
  year = {2014}
}

)@article{lowe:ijcv:2004,
  title={Distinctive image features from scale-invariant keypoints},
  author={D. G. {Lowe}},
  journal=ijcv,
  volume={60},
  number={2},
  pages={91--110},
  year={2004},
  publisher={Springer}
}

@article{Sipiran:tvc:2011,
  author = {I. {Sipiran} and B. {Bustos}},
  year = {2011},
  month = {11},
  pages = {963-976},
  title = {Harris 3D: A robust extension of the Harris operator for interest point detection on 3D meshes},
  volume = {27},
  journal = {The Visual Computer},
  doi = {10.1007/s00371-011-0610-y}
}

@mastersthesis{gobin:hal:2021,
  TITLE = {{Localisation d'un robot humano{\"i}de TALOS par information g{\'e}om{\'e}trique et visuelle combin{\'e}e {\`a} l'apprentissage}},
  AUTHOR = {G. {Gobin}},
  URL = {https://hal.laas.fr/hal-03369244},
  HAL_LOCAL_REFERENCE = {Rapport LAAS n{\textdegree} 21292},
  SCHOOL = {{Toulouse 3 Paul Sabatier}},
  YEAR = {2021},
  MONTH = Aug,
  PDF = {https://hal.laas.fr/hal-03369244/file/Rapport-GOBIN.pdf},
  HAL_ID = {hal-03369244},
  HAL_VERSION = {v1},
}

@article{osada:acmtg:2002,
  author = {R. {Osada} and T. {Funkhouser} and B. {Chazelle} and D. {Dobkin}},
  title = {Shape Distributions},
  year = {2002},
  issue_date = {October 2002},
  publisher = {Association for Computing Machinery},
  address = {New York, NY, USA},
  volume = {21},
  number = {4},
  issn = {0730-0301},
  url = {https://doi.org/10.1145/571647.571648},
  doi = {10.1145/571647.571648},
  journal = acmtg,
  month = {oct},
  pages = {807–832},
  numpages = {26},
}

@article{guo:ijcv:2016,
  title = {A Comprehensive Performance Evaluation of 3D Local Feature Descriptors},
  author = {Y. {Guo} and M. {Bennamoun} and F. {Sohel} and M. {Lu} and J. {Wan} and N.M. {Kwok}},
  year = {2016},
  month = jan,
  doi = {10.1007/s11263-015-0824-y},
  language = {English},
  volume = {116},
  pages = {66--89},
  journal = ijcv,
  issn = {0920-5691},
  publisher = {Springer},
  number = {1},
}

@InProceedings{aldoma:springer:2012,
  author = {A. {Aldoma} and F. {Tombari} and R. B. {Rusu} and M. {Vincze}},
  editor = {A. {Pinz} and T. {Pock} and H. {Bischof} and F. {Leberl}},
  title = {OUR-CVFH -- Oriented, Unique and Repeatable Clustered Viewpoint Feature Histogram for Object Recognition and 6DOF Pose Estimation},
  booktitle = {Pattern Recognition},
  year = {2012},
  publisher = {Springer Berlin Heidelberg},
  address = {Berlin, Heidelberg},
  pages = {113--122},
  isbn = {978-3-642-32717-9}
}

@Inbook{spezialetti:springer:2020,
  author = {R. {Spezialetti} and S. {Salti} and L. {Di Stefano} and F. {Tombari}},
  title = {3D Local Descriptors---from Handcrafted to Learned},
  bookTitle=iaa,
  year = {2020},
  publisher = {Springer International Publishing},
  address = {Cham},
  pages = {319--352},
  isbn = {978-3-030-44070-1},
  doi = {10.1007/978-3-030-44070-1_7},
  url = {https://doi.org/10.1007/978-3-030-44070-1_7}
}

@article{xfhan:v1:2018,
author = {X.-F. {Han} and J. {Jin} and J. {Xie} and M.-J. {Wang} and W. {Jiang}},
year = {2018},
month = {02},
title = {A comprehensive review of 3D point cloud descriptors}
}
@misc{xfhan:v2:2020,
  doi = {10.48550/ARXIV.1802.02297},
  url = {https://arxiv.org/abs/1802.02297},
  author = {X.-F. {Han} and S.-J. {Sun} and X.-Y. {Song} and G.-Q. {Xiao}},
  title = {3D Point Cloud Descriptors in Hand-crafted and Deep Learning Age: State-of-the-Art},
  publisher = {arXiv},
  year = {2018},
  copyright = {arXiv.org perpetual, non-exclusive license}
}

@article{Rusu:icra:2011,
  title={3D is here: Point Cloud Library (PCL)},
  author={R. B. {Rusu} and S. {B. Cousins}},
  journal=icra,
  year={2011},
  pages={1-4}
}

@article{Zhou:arXiv:2018,
author  = {Q.-Y. {Zhou} and J. {Park} and V. {Koltun}},
title   = {{Open3D}: {A} Modern Library for {3D} Data Processing},
journal   = {arXiv:1801.09847},
year  = {2018},
}

@article{johnson:pami:1999,
  title={Using spin images for efficient object recognition in cluttered 3D scenes},
  author={A. E.{Johnson} and M. {Hebert}},
  journal=pami,
  volume={21},
  number={5},
  pages={433--449},
  year={1999},
  publisher={IEEE}
}

@INPROCEEDINGS{rublee:iccv:2011,
  author={E. {Rublee} and V. {Rabaud} and K. {Konolige} and G. {Bradski}},
  booktitle=iccv,
  title={ORB: An efficient alternative to SIFT or SURF},
  year={2011},
  volume={},
  number={},
  pages={2564-2571},
  doi={10.1109/ICCV.2011.6126544}
}

@INPROCEEDINGS{lowe:iccv:1999,
  author={D.G. {Lowe}},
  booktitle=iccv,
  title={Object recognition from local scale-invariant features},
  year={1999},
  volume={2},
  number={},
  pages={1150-1157 vol.2},
  doi={10.1109/ICCV.1999.790410}
}

@INPROCEEDINGS{kim:iros:2018,
  author={G. {Kim} and A. {Kim}},
  booktitle=iros,
  title={Scan Context: Egocentric Spatial Descriptor for Place Recognition Within 3D Point Cloud Map},
  year={2018},
  volume={},
  number={},
  pages={4802-4809},
  doi={10.1109/IROS.2018.8593953},
  shorttitle = {Scan Context},
  month = oct,
}

@INPROCEEDINGS{komorowski:ijcnn:2021,
   author={J. {Komorowski} and M. {Wysoczańska} and T. {Trzcinski}},
   booktitle=ijcnn,
   title={MinkLoc++: Lidar and Monocular Image Fusion for Place Recognition},
   year={2021},
   doi={10.1109/IJCNN52387.2021.9533373}
}

@INPROCEEDINGS{komorowski:wacv:2021,
  author={J. {Komorowski}},
  booktitle=wacv,
  title={MinkLoc3D: Point Cloud Based Large-Scale Place Recognition},
  year={2021},
  volume={},
  number={},
  pages={1789-1798},
  doi={10.1109/WACV48630.2021.00183}
}

@inproceedings{he:cvpr:2016,
  title={Deep residual learning for image recognition},
  author={K. {He} and X. {Zhang} and S. {Ren} and J. {Sun}},
  booktitle=cvpr,
  pages={770--778},
  year={2016}
}

@inproceedings{alexandre20123d,
  title={3D descriptors for object and category recognition: a comparative evaluation},
  author={L. A. {Alexandre}},
  booktitle={Workshop on Color-Depth Camera Fusion in Robotics at the IEEE/RSJ International Conference on Intelligent Robots and Systems (IROS), Vilamoura, Portugal},
  volume={1},
  number={3},
  pages={7},
  year={2012},
  organization={Citeseer}
}

@incollection{taha::2021,
  title = {Review of Place Recognition Approaches: Traditional and Deep Learning Methods},
  isbn = {978-3-030-64057-6},
  shorttitle = {Review of Place Recognition Approaches},
  author = {M. {Taha} and M. {Sah} and C. {Direkoglu}},
  month = jan,
  year = {2021},
  doi = {10.1007/978-3-030-64058-3_22},
  pages = {183--191},
}

@article{fallon:intfocus:2018,
  title = {Accurate and robust localization for walking robots fusing kinematics, inertial, vision and LIDAR},
  volume = {8},
  url = {https://royalsocietypublishing.org/doi/10.1098/rsfs.2018.0015},
  doi = {10.1098/rsfs.2018.0015},
  number = {4},
  journal = {Interface Focus},
  author = {M. {Fallon}},
  month = aug,
  year = {2018},
  note = {Publisher: Royal Society},
  pages = {20180015},
}

@article{tinchev:ral:2019,
  title = {Learning to See the Wood for the Trees: Deep Laser Localization in Urban and Natural Environments on a CPU},
  volume = {4},
  issn = {2377-3766, 2377-3774},
  shorttitle = {Learning to See the Wood for the Trees},
  url = {https://ieeexplore.ieee.org/document/8626476/},
  doi = {10.1109/LRA.2019.2895264},
  language = {en},
  number = {2},
  journal = ral,
  author = {G. {Tinchev} and A. {Penate-Sanchez} and M. {Fallon}},
  month = apr,
  year = {2019},
  pages = {1327--1334},
}

@inproceedings{arandjelovic:cvpr:2016,
  title = {NetVLAD: CNN Architecture for Weakly Supervised Place Recognition},
  shorttitle = {NetVLAD},
  url = {https://openaccess.thecvf.com/content_cvpr_2016/html/Arandjelovic_NetVLAD_CNN_Architecture_CVPR_2016_paper.html},
  author = {R. {Arandjelovic} and P. {Gronat} and A. {Torii} and T. {Pajdla} and J. {Sivic}},
  booktitle = cvpr,
  year = {2016},
  pages = {5297--5307},
}

@inproceedings{uy:cvpr:2018,
  title = {PointNetVLAD: Deep Point Cloud Based Retrieval for Large-Scale Place Recognition},
  shorttitle = {PointNetVLAD},
  url = {http://arxiv.org/abs/1804.03492},
  author = {M. A. {Uy} and G. H. {Lee}},
  month = may,
  journal = cvpr,
  year = {2018},
  note = {arXiv: 1804.03492},
  keywords = {Computer Science - Computer Vision and Pattern Recognition},
}

@article{shan:icra:2021,
  title = {Robust Place Recognition using an Imaging Lidar},
  booktitle = icra,
  url = {http://arxiv.org/abs/2103.02111},
  journal = {arXiv:2103.02111 [cs]},
  author = {T. {Shan} and B. {Englot} and F. {Duarte} and C. {Ratti} and D. {Rus}},
  month = mar,
  year = {2021},
  note = {arXiv: 2103.02111},
  keywords = {Computer Science - Computer Vision and Pattern Recognition, Computer Science - Robotics},
}

@article{guo::2018,
  title = {Local Descriptor for Robust Place Recognition using LiDAR Intensity},
  url = {http://arxiv.org/abs/1811.12646},
  language = {en},
  journal = {arXiv:1811.12646 [cs]},
  author = {J. {Guo} and P. V. K. {Borges} and C. {Park} and A. {Gawel}},
  month = nov,
  year = {2018},
  note = {arXiv: 1811.12646},
  keywords = {Computer Science - Robotics},
}

@article{jo:access:2020,
  title = {New Monte Carlo Localization Using Deep Initialization: A Three-Dimensional LiDAR and a Camera Fusion Approach},
  volume = {PP},
  shorttitle = {New Monte Carlo Localization Using Deep Initialization},
  doi = {10.1109/ACCESS.2020.2988464},
  journal = {IEEE Access},
  author = {HG. {Jo} and E. {Kim}},
  month = apr,
  year = {2020},
  pages = {1--1},
}

@inproceedings{majdik:isr:2010,
  title = {New approach in solving the kidnapped robot problem},
  booktitle={Int. Symp. on Robotics (ISR) and ROBOTIK: German Conference on Robotics},
  author = {A. {Majdik} and M. {Popa} and L. {Tamas} and I. {Szoke} and G. {Lazea}},
  month = jul,
  year = {2010},
  pages = {1--6},
}

@inproceedings{bosse:icra:2013,
  title = {Place Recognition Using Keypoint Voting in Large 3D Lidar Datasets},
  doi = {10.1109/ICRA.2013.6630945},
  author = {M. {Bosse} and R. {Zlot}},
  month = may,
  year = {2013},
  booktitle=icra,
  volume={},
  number={},
  pages={2677-2684},
}

@article{bailey:iram:2006,
  title = {Simultaneous Localization And Mapping (SLAM): part II},
  volume = {13},
  issn = {1558-223X},
  shorttitle = {Simultaneous Localization And Mapping (SLAM)},
  doi = {10.1109/MRA.2006.1678144},
  number = {3},
  journal = iram,
  author = {T. {Bailey} and H. {Durrant-Whyte}},
  month = sep,
  year = {2006},
  pages = {108--117},
}

@article{durrant-whyte:iram:2006,
  title = {Simultaneous Localization And Mapping: part I},
  volume = {13},
  issn = {1070-9932},
  shorttitle = {Simultaneous Localization And Mapping},
  url = {http://ieeexplore.ieee.org/document/1638022/},
  doi = {10.1109/MRA.2006.1638022},
  language = {en},
  number = {2},
  journal = iram,
  author = {H. {Durrant-Whyte} and T. {Bailey}},
  month = jun,
  year = {2006},
  pages = {99--110},
}

@inproceedings{barsan:corl:2020,
  title = {Learning to Localize Using a LiDAR Intensity Map},
  url = {http://arxiv.org/abs/2012.10902},
  author = {I. A. {Bârsan} and S. {Wang} and A. {Pokrovsky} and R. {Urtasun}},
  note = {arXiv: 2012.10902},
  booktitle = corl,
  pages = {605--616},
  year = {2018},
  volume = {87},
  series = {Proceedings of Machine Learning Research},
  month = oct,
  pdf = {http://proceedings.mlr.press/v87/barsan18a/barsan18a.pdf},
  url = {http://proceedings.mlr.press/v87/barsan18a.html},
}

@inproceedings{calonder:eccv:2010,
  title = {BRIEF: Binary Robust Independent Elementary Features},
  volume = {6314},
  isbn = {978-3-642-15560-4},
  shorttitle = {BRIEF},
  doi = {10.1007/978-3-642-15561-1_56},
  author = {M. {Calonder} and V. {Lepetit} and C. {Strecha} and P. {Fua}},
  booktitle=eccv,
  month = sep,
  year = {2010},
  pages = {778--792},
}

@article{galvez-lopez:itro:2012,
  title = {Bags of Binary Words for Fast Place Recognition in Image Sequences},
  volume = {28},
  issn = {1552-3098, 1941-0468},
  url = {http://ieeexplore.ieee.org/document/6202705/},
  doi = {10.1109/TRO.2012.2197158},
  language = {en},
  number = {5},
  journal = itro,
  author = {D. {Galvez-López} and J. D. {Tardos}},
  month = oct,
  year = {2012},
  pages = {1188--1197},
}

@inproceedings{milford:icra:2012,
  title = {SeqSLAM: Visual route-based navigation for sunny summer days and stormy winter nights},
  isbn = {978-1-4673-1405-3 978-1-4673-1403-9 978-1-4673-1578-4 978-1-4673-1404-6},
  shorttitle = {SeqSLAM},
  url = {http://ieeexplore.ieee.org/document/6224623/},
  doi = {10.1109/ICRA.2012.6224623},
  language = {en},
  booktitle = icra,
  publisher = {IEEE},
  author = {M. J. {Milford} and G. F. {Wyeth}},
  month = may,
  year = {2012},
  pages = {1643--1649},
}

@article{lowry:itro:2015,
  title = {Visual Place Recognition: A Survey},
  shorttitle = {Visual Place Recognition},
  doi = {10.1109/TRO.2015.2496823},
  journal = itro,
  author = {S. {Lowry} and N. {Sünderhauf} and P. {Newman} and J. {Leonard} and D. {Cox} and P. {Corke} and M. {Milford}},
  month = nov,
  year = {2015},
  pages = {1--19},
}

@inproceedings{zamir:eccv:2010,
  series = {Lecture {Notes} in {Computer} {Science}},
  title = {Accurate Image Localization Based on Google Maps Street View},
  isbn = {978-3-642-15561-1},
  doi = {10.1007/978-3-642-15561-1_19},
  language = {en},
  booktitle = {Computer Vision – ECCV 2010},
  publisher = {Springer},
  author = {A. R. {Zamir} and M. {Shah}},
  editor = {K. {Daniilidis} and P. {Maragos} and N. {Paragios}},
  year = {2010},
  pages = {255--268},
}

@article{smith::1987,
  title = {A stochastic map for uncertain spatial relationships},
  issn = {0-262-02272-9},
  author = {R. {Smith} and M. {Self} and P. {Cheeseman}},
  month = jan,
  year = {1987},
  pages = {467--474},
}

@inproceedings{zhang:rss:2014,
  title = {LOAM: Lidar Odometry and Mapping in Real-time},
  shorttitle = {LOAM},
  booktitle = rss,
  doi = {10.15607/RSS.2014.X.007},
  author = {J. {Zhang} and S. {Singh}},
  month = jul,
  year = {2014},
}

@article{dube:rss:2018,
  title = {SegMap: 3D Segment Mapping using Data-Driven Descriptors},
  shorttitle = {SegMap},
  url = {http://arxiv.org/abs/1804.09557},
  doi = {10.15607/RSS.2018.XIV.003},
  language = {en},
  journal = rss,
  author = {R. {Dubé} and A. {Cramariuc} and D. {Dugas} and J. {Nieto} and R. {Siegwart} and C. {Cadena}},
  month = jun,
  year = {2018},
  note = {arXiv: 1804.09557},
  keywords = {Computer Science - Computer Vision and Pattern Recognition, Computer Science - Robotics},
}

@article{dube:icra:2017,
  title = {SegMatch: Segment based loop-closure for 3D point clouds},
  shorttitle = {SegMatch},
  url = {http://arxiv.org/abs/1609.07720},
  doi = {10.1109/ICRA.2017.7989618},
  language = {en},
  journal = icra,
  author = {R. {Dubé} and D. {Dugas} and E. {Stumm} and J. {Nieto} and R. {Siegwart} and C. {Cadena}},
  month = may,
  year = {2017},
  note = {arXiv: 1609.07720},
  keywords = {Computer Science - Robotics},
  pages = {5266--5272},
}

@article{cummins:rss:2009,
  title = {Highly Scalable Appearance-Only SLAM – FABMAP 2.0},
  language = {en},
  year = {2009},
  booktitle=rss,
  author = {M. {Cummins} and P. {Newman}},
  pages = {8},
}

@article{fischler:acm:1981,
  title = {Random sample consensus: a paradigm for model fitting with applications to image analysis and automated cartography},
  volume = {24},
  issn = {0001-0782},
  shorttitle = {Random sample consensus},
  url = {https://doi.org/10.1145/358669.358692},
  doi = {10.1145/358669.358692},
  number = {6},
  journal = {Communications of the ACM},
  author = {M. A. {Fischler} and R. C. {Bolles}},
  month = jun,
  year = {1981},
  keywords = {automated cartography, camera calibration, image matching, location determination, model fitting, scene analysis},
  pages = {381--395},
}

@inproceedings{jegou:cscvpr:2010,
  title = {Aggregating local descriptors into a compact image representation},
  doi = {10.1109/CVPR.2010.5540039},
  author = {H. {Jégou} and M. {Douze} and C. {Schmid} and P. {Perez}},
  booktitle=cscvpr,
  month = jul,
  year = {2010},
  pages = {3304--3311},
}

@inproceedings{arandjelovic:cvpr:2013,
  title = {All About VLAD},
  doi = {10.1109/CVPR.2013.207},
  booktitle = cvpr,
  author = {R. {Arandjelovic} and A. {Zisserman}},
  month = jun,
  year = {2013},
  note = {ISSN: 1063-6919},
  keywords = {Databases, Vectors, Visualization, Benchmark testing, Buildings, Standards, Vocabulary},
  pages = {1578--1585},
}

@inproceedings{elbaz:cvpr:2017,
  title = {3D Point Cloud Registration for Localization Using a Deep Neural Network Auto-Encoder},
  isbn = {978-1-5386-0457-1},
  url = {http://ieeexplore.ieee.org/document/8099748/},
  doi = {10.1109/CVPR.2017.265},
  booktitle = cvpr,
  publisher = {IEEE},
  author = {G. {Elbaz} and T. {Avraham} and A. {Fischer}},
  month = jul,
  year = {2017},
  pages = {2472--2481},
}

@inproceedings{chen:rss:2020,
  title = {OverlapNet: Loop Closing for LiDAR-based SLAM},
  isbn = {978-0-9923747-6-1},
  shorttitle = {OverlapNet},
  url = {http://www.roboticsproceedings.org/rss16/p009.pdf},
  doi = {10.15607/RSS.2020.XVI.009},
  language = {en},
  booktitle = rss,
  publisher = {Robotics: Science and Systems Foundation},
  author = {X. {Chen} and T. {Läbe} and A. {Milioto} and T. {Röhling} and O. {Vysotska} and A. {Haag} and J. {Behley} and C. {Stachniss}},
  month = jul,
  year = {2020},
}
@article{chen:auro:2021,
	author = {X. {Chen} and T. {L\"abe} and A. {Milioto} and T. {R\"ohling} and J. {Behley} and C. {Stachniss}},
	title = {OverlapNet: A Siamese Network for Computing LiDAR Scan Similarity with Applications to Loop Closing and Localization},
	journal = auro,
	year = {2021},
	doi = {10.1007/s10514-021-09999-0},
	issn = {1573-7527},
	volume={46},
	pages={61--81},
	url = {http://www.ipb.uni-bonn.de/pdfs/chen2021auro.pdf}
}
@article{cramariuc::2018,
  title = {Learning 3D Segment Descriptors for Place Recognition},
  url = {http://arxiv.org/abs/1804.09270},
  author = {A. {Cramariuc} and R. {Dubé} and H. {Sommer} and R. {Siegwart} and I. {Gilitschenski}},
  journal = {arXiv:1804.09270 [cs]},
  month = apr,
  year = {2018},
  note = {arXiv: 1804.09270},
  keywords = {Computer Science - Robotics},
}

@inproceedings{douillard:icra:2012,
  title = {Scan segments matching for pairwise 3D alignment},
  doi = {10.1109/ICRA.2012.6224788},
  booktitle = icra,
  author = {B. {Douillard} and A. {Quadros} and P. {Morton} and J. P. {Underwood} and M. {De Deuge} and S. {Hugosson} and M. {Hallström} and T. {Bailey}},
  month = may,
  year = {2012},
  note = {ISSN: 1050-4729},
  keywords = {Sensors, Shape, Measurement, Standards, Iterative closest point algorithm, Pipelines, Upper bound},
  pages = {3033--3040},
}

@inproceedings{qi:cvpr:2017,
  title = {PointNet: Deep Learning on Point Sets for 3D Classification and Segmentation},
  shorttitle = {PointNet},
  booktitle = cvpr,
  url = {https://openaccess.thecvf.com/content_cvpr_2017/html/Qi_PointNet_Deep_Learning_CVPR_2017_paper.html},
  author = {C. R. {Qi} and H. {Su} and K. {Mo} and L. J. {Guibas}},
  year = {2017},
  pages = {652--660},
}

@inproceedings{zhang:cvpr:2019,
  title = {PCAN: 3D Attention Map Learning Using Contextual Information for Point Cloud Based Retrieval},
  shorttitle = {PCAN},
  booktitle = cvpr,
  url = {https://openaccess.thecvf.com/content_CVPR_2019/html/Zhang_PCAN_3D_Attention_Map_Learning_Using_Contextual_Information_for_Point_CVPR_2019_paper.html},
  author = {W. {Zhang} and C. {Xiao}},
  year = {2019},
  pages = {12436--12445},
}

@inproceedings{yin:iros:2020,
  title = {SeqSphereVLAD: Sequence Matching Enhanced Orientation-Invariant Place Recognition},
  language = {en},
  author = {P. {Yin} and F. {Wang} and A. {Egorov} and J. {Hou} and J. {Zhang} and H. {Choset}},
  booktitle = iros,
  year = {2020},
  pages = {5024--5029},
}

@article{xia::2020,
  title = {SOE-Net: A Self-Attention and Orientation Encoding Network for Point Cloud based Place Recognition},
  shorttitle = {SOE-Net},
  url = {http://arxiv.org/abs/2011.12430},
  journal = {arXiv:2011.12430 [cs]},
  author = {Y. {Xia} and Y. {Xu} and S. {Li} and R. {Wang} and J. {Du} and D. {Cremers} and U. {Stilla}},
  month = nov,
  year = {2020},
  note = {arXiv: 2011.12430},
  keywords = {Computer Science - Computer Vision and Pattern Recognition},
}

@article{barros::2021,
  title={Place recognition survey: An update on deep learning approaches},
  author={T. {Barros} and R. {Pereira} and L. {Garrote} and C. {Premebida} and U. J. {Nunes}},
  journal={arXiv preprint arXiv:2106.10458},
  year={2021}
}

@inproceedings{chum:cvpr:2005,
  author={O. {Chum} and J. {Matas}},
  booktitle=cvpr,
  title={Matching with PROSAC - progressive sample consensus},
  year={2005},
  volume={1},
  number={},
  pages={220-226 vol. 1},
  doi={10.1109/CVPR.2005.221}
}

@inproceedings{su:iccv:2015,
  title={Multi-view convolutional neural networks for 3d shape recognition},
  author={H. {Su} and S. {Maji} and E. {Kalogerakis} and E. {Learned-Miller}},
  booktitle=iccv,
  pages={945--953},
  year={2015}
}

@article{qi:arxiv:2017,
  title={PointNet++: Deep Hierarchical Feature Learning on Point Sets in a Metric Space},
  author={C. R. {Qi} and L. {Yi} and H. {Su} and L. J. {Guibas}},
  journal={arXiv preprint arXiv:1706.02413},
  year={2017}
}

@inproceedings{zeng:cvpr:2017,
  title={3DMatch: Learning Local Geometric Descriptors from RGB-D Reconstructions},
  author={A. {Zeng} and S. {Song} and M. {Nie{\ss}ner} and M. {Fisher} and J. {Xiao} and T. {Funkhouser}},
  booktitle=cvpr,
  year={2017}
}

@INPROCEEDINGS{maturana:iros:2015,
  author={D. {Maturana} and S. {Scherer}},
  booktitle={2015 IEEE/RSJ International Conference on Intelligent Robots and Systems (IROS)},
  title={VoxNet: A 3D Convolutional Neural Network for real-time object recognition},
  year={2015},
  volume={},
  number={},
  pages={922-928},
  doi={10.1109/IROS.2015.7353481}
}

@article{Tibshirani:jrsssb:2001,
  title = {Estimating the number of clusters in a data set via the gap statistic},
  author = {R. {Tibshirani} and G. {Walther} and T. {Hastie}},
  year = {2001},
  journal = jrsssb,
  volume = {63},
  number = {2},
  pages = {411-423},
  url = {https://EconPapers.repec.org/RePEc:bla:jorssb:v:63:y:2001:i:2:p:411-423}
}

@inproceedings{labbe:eccv:2020,
  author={Y. {Labb{\'e}} and J. {Carpentier} and M. {Aubry} and J. {Sivic}},
  title= {CosyPose: Consistent multi-view multi-object 6D pose estimation},
  booktitle=eccv,
  year={2020}
}

@misc{labbe:yt:2020,
  author = {Y. {Labb{\'e}}},
  title = {CosyPose ECCV 2020 - 10 min presentation},
  date = {2020-08-19},
  year = 2020,
  howpublished = {\url{https://www.youtube.com/watch?v=MNH_Ez7bcP0}},
  url = {https://www.youtube.com/watch?v=MNH_Ez7bcP0}
}

@unpublished{debeunne:hal:2021,
  TITLE = {{CosySlam: investigating object-level SLAM for detecting locomotion surfaces}},
  AUTHOR = {C. {Debeunne} and M. {Fourmy} and Y. {Labb{\'e}} and P.-A. {L{\'e}ziart} and G. {Saurel} and J. {Sol{\`a}} and N. {Mansard}},
  URL = {https://hal.archives-ouvertes.fr/hal-03351438},
  NOTE = {working paper or preprint},
  HAL_LOCAL_REFERENCE = {Rapport LAAS n{\textdegree} 21255},
  YEAR = {2021},
  MONTH = Sep,
  PDF = {https://hal.archives-ouvertes.fr/hal-03351438v1/file/CosySLAM_ICRA_2022.pdf},
  HAL_ID = {hal-03351438},
  HAL_VERSION = {v1},
}

@inproceedings{redmon:cvpr:2016,
  title={You only look once: Unified, real-time object detection},
  author={J. {Redmon} and S. {Divvala} and R. {Girshick} and A. {Farhadi}},
  booktitle=cvpr,
  pages={779--788},
  year={2016}
}

@misc{redmon:yt:2016,
  author = {J. {Redmon}},
  title = {You Only Look Once: Unified, Real-Time Object Detection},
  date = {2016-09-02},
  year = 2016,
  howpublished = {\url{https://www.youtube.com/watch?v=NM6lrxy0bxs}},
  url = {https://www.youtube.com/watch?v=NM6lrxy0bxs}
}

@INPROCEEDINGS{kang:icip:2022,
  author={J. {Kang} and W. {Liu} and W. {Tu} and L. {Yang}},
  booktitle=icip, 
  title={YOLO-6D+: Single Shot 6D Pose Estimation Using Privileged Silhouette Information}, 
  year={2020},
  volume={},
  number={},
  pages={1-6},
  doi={10.1109/ICIP48927.2020.9367354}
}

@misc{yang:arxiv:2022,
  doi = {10.48550/ARXIV.2210.11554},
  url = {https://arxiv.org/abs/2210.11554},
  author = {J. {Yang} and W. {Xue} and S. {Ghavidel} and S. L. {Waslander}},
  keywords = {Robotics (cs.RO), FOS: Computer and information sciences, FOS: Computer and information sciences},
  title = {6D Pose Estimation for Textureless Objects on RGB Frames using Multi-View Optimization},
  publisher = {arXiv},
  year = {2022},
  copyright = {Creative Commons Attribution Share Alike 4.0 International}
}

@article{mcculloch:bmb:1943,
  title={A logical calculus of the ideas immanent in nervous activity},
  author={W. S. {McCulloch} and W. {Pitts}},
  journal=bmb,
  volume={5},
  number={4},
  pages={115--133},
  year={1943},
  publisher={Springer}
}

@article{rosenblatt:pr:1958,
  title={The perceptron: a probabilistic model for information storage and organization in the brain.},
  author={F. {Rosenblatt}},
  journal=pr,
  volume={65},
  number={6},
  pages={386},
  year={1958},
  publisher={American Psychological Association}
}

@incollection{fukushima:ccnn:1982,
  title={Neocognitron: A self-organizing neural network model for a mechanism of visual pattern recognition},
  author={K. {Fukushima} and S. {Miyake}},
  booktitle={Competition and cooperation in neural nets},
  pages={267--285},
  year={1982},
  publisher={Springer}
}

@article{lecun:nc:1989,
  title={Backpropagation applied to handwritten zip code recognition},
  author={Y. {LeCun} and B. {Boser} and J. S. {Denker} and D. {Henderson} and R. E. {Howard} and W. {Hubbard} and L. D. {Jackel}},
  journal={Neural computation},
  volume={1},
  number={4},
  pages={541--551},
  year={1989},
  publisher={MIT Press}
}

@article{lecun:ieee:1998,
  title={Gradient-based learning applied to document recognition},
  author={Y. {LeCun} and L. {Bottou} and Y. {Bengio} and P. {Haffner}},
  journal=ieee,
  volume={86},
  number={11},
  pages={2278--2324},
  year={1998},
  publisher={Ieee}
}

@InProceedings{nicolin:sii:2020,
  author = {A. {Nicolin} and J. {Mirabel} and S. {Boria} and O. {Stasse} and F. {Lamiraux}},
  title = {Agimus: a new framework for mapping manipulation motion plans to sequences of hierarchical task-based controllers},
  booktitle = issi,
  year = {2020}
}

@INPROCEEDINGS{mirabel:case:2021,
  author={J. {Mirabel} and F. {Lamiraux} and T. L. {Ha} and A. {Nicolin} and O. {Stasse} and S. {Boria}},
  booktitle=icase,
  title={Performing manufacturing tasks with a mobile manipulator: from motion planning to sensor based motion control}, 
  year={2021},
  volume={},
  number={},
  pages={159-164},
  doi={10.1109/CASE49439.2021.9551576}
}

@unpublished{mirabel:hal:2020,
  TITLE = {Integrating Path Planning and Visual Servoing in Manipulation Tasks},
  author = {J. {Mirabel} and A. {Nicolin} and F. {Lamiraux} and O. {Stasse} and S. {Boria}},
  URL = {https://hal.laas.fr/hal-02494731},
  NOTE = {working paper or preprint},
  HAL_LOCAL_REFERENCE = {Rapport LAAS n{\textdegree} 20039},
  YEAR = {2020},
  MONTH = Feb,
  PDF = {https://hal.laas.fr/hal-02494731/file/paper.pdf},
  HAL_ID = {hal-02494731},
  HAL_VERSION = {v1},
}

@phdthesis{nicolin:these:2022,
  TITLE = {{Planning of visual servoing tasks for robotics}},
  AUTHOR = {A. {Nicolin}},
  URL = {https://hal.laas.fr/tel-03659668},
  NUMBER = {2022ISAT0003},
  HAL_LOCAL_REFERENCE = {Rapport LAAS n{\textdegree} 22018},
  SCHOOL = {{INSA de Toulouse}},
  YEAR = {2022},
  MONTH = Feb,
  KEYWORDS = {Planning ; Control ; Visual servoing ; Planification ; Contr{\^o}le ; Asservissement visuel},
  TYPE = {Theses},
  PDF = {https://hal.laas.fr/tel-03659668v2/file/2022AlexisNICOLIN.pdf},
  HAL_ID = {tel-03659668},
  HAL_VERSION = {v2},
}

@phdthesis{ramuzat:these:2022,
  TITLE = {{Robotics Force/Torque Control for Manufacturing Operations}},
  AUTHOR = {N. {Ramuzat}},
  URL = {https://theses.hal.science/tel-03675191},
  NUMBER = {2022ISAT0004},
  HAL_LOCAL_REFERENCE = {Rapport LAAS n{\textdegree} 22016},
  SCHOOL = {{INSA de Toulouse}},
  YEAR = {2022},
  MONTH = Feb,
  KEYWORDS = {Humanoid Robots ; Whole-Body Control ; Force/Torque Control ; Robots Humano{\"i}des ; Contr{\^o}le Corps Complet ; Contr{\^o}le en force/couple},
  TYPE = {Theses},
  PDF = {https://theses.hal.science/tel-03675191v2/file/2022NoelieRAMUZAT.pdf},
  HAL_ID = {tel-03675191},
  HAL_VERSION = {v2},
}

@article{ramuzat:ral:2022,
  title={Passive Inverse Dynamics Control using a Global Energy Tank for Torque-Controlled Humanoid Robots in Multi-Contact},
  author={N. {Ramuzat} and S. {Boria} and O. {Stasse}},
  journal=ral,
  volume={7},
  number={2},
  pages={2787--2794},
  year={2022},
  publisher={IEEE}
}

@article{ramuzat:frontiers:2022,
  TITLE = {Benchmarking Whole Body controllers on the TALOS Humanoid Robot},
  AUTHOR = {N. {Ramuzat} and O. {Stasse} and S. {Boria}},
  URL = {https://hal.laas.fr/hal-03614143},
  JOURNAL = frai,
  HAL_LOCAL_REFERENCE = {Rapport LAAS n{\textdegree} 22095},
  PUBLISHER = {{Frontiers Media S.A.}},
  VOLUME = {9},
  PAGES = {826491},
  YEAR = {2022},
  MONTH = Mar,
  DOI = {10.3389/frobt.2022.826491},
  KEYWORDS = {Humanoid robots ; whole body control ; benchmarking},
  PDF = {https://hal.laas.fr/hal-03614143/file/rob4fam-frontiers-one.pdf},
  HAL_ID = {hal-03614143},
  HAL_VERSION = {v1},
}

@inproceedings{ramuzat:icar:2021,
  title={Comparison of position and torque whole-body control schemes on the humanoid robot Talos},
  author={N. {Ramuzat} and G. {Buondonno} and S. {Boria} and O. {Stasse}},
  booktitle=icar,
  pages={785--792},
  year={2021},
  organization={IEEE}
}

@article{garrido:pr:2014,
  title={Automatic generation and detection of highly reliable fiducial markers under occlusion},
  author={S. {Garrido-Jurado} and R. {Mu{\~n}oz-Salinas} and F. J. {Madrid-Cuevas} and M. J. {Mar{\'\i}n-Jim{\'e}nez}},
  journal={Pattern Recognition},
  volume={47},
  number={6},
  pages={2280--2292},
  year={2014},
  publisher={Elsevier}
}

@inproceedings{dantec:huma:2022,
  TITLE = {{Whole-Body Model Predictive Control for Biped Locomotion on a Torque-Controlled Humanoid Robot}},
  AUTHOR = {E. L. {Dantec} and M. {Naveau} and N. {Mansard} and P. {Fernbach} and N. {Villa} and G. {Saurel} and O. {Stasse} and M. {Ta{\"i}x}},
  URL = {https://hal.science/hal-03724019},
  BOOKTITLE = huma,
  ADDRESS = {Ginowan, Japan},
  HAL_LOCAL_REFERENCE = {Rapport LAAS n{\textdegree} 22228},
  YEAR = {2022},
  MONTH = Nov,
  PDF = {https://hal.science/hal-03724019v2/file/Humanoid_final.pdf},
  HAL_ID = {hal-03724019},
  HAL_VERSION = {v2},
}

@misc{seattle::2019,
  author = {D. {Gates}},
  title = {Boeing abandons its failed fuselage robots on the 777X, handing the job back to machinists},
  journal = {The Seattle Times},
  date = {2019-11-13},
  year = 2019,
  howpublished = {\url{https://www.seattletimes.com/business/boeing-aerospace/boeing-abandons-its-failed-fuselage-robots-on-the-777x-handing-the-job-back-to-machinists}},
  url = {https://www.seattletimes.com/business/boeing-aerospace/boeing-abandons-its-failed-fuselage-robots-on-the-777x-handing-the-job-back-to-machinists}
}

@misc{airbus::2019,
  author = {{Airbus}},
  title = {Airbus inaugurates new A320 structure assembly line in Hamburg},
  date = {2019-10-01},
  year = 2019,
  howpublished = {\url{https://www.airbus.com/en/newsroom/press-releases/2019-10-airbus-inaugurates-new-a320-structure-assembly-line-in-hamburg}},
  url = {https://www.airbus.com/en/newsroom/press-releases/2019-10-airbus-inaugurates-new-a320-structure-assembly-line-in-hamburg}
}

@misc{darpa::arch,
  author = {{DARPA}},
  title = {Defense Advanced Research Projects Agency Robotics Challenge (DRC)},
  year = {},
  howpublished = {\url{https://www.darpa.mil/program/darpa-robotics-challenge}},
  url = {https://www.darpa.mil/program/darpa-robotics-challenge}
}

@misc{ur:ur10:,
  author = {{Universal Robots}},
  title = {The UR10e},
  year = {},
  howpublished = {\url{https://www.universal-robots.com/products/ur10-robot/}},
  url = {https://www.universal-robots.com/products/ur10-robot/}
}

@misc{intel:t265:,
  author = {{Intel}},
  title = {Intel{\myregistered} RealSense{\mytrademark} Tracking Camera T265},
  year = {},
  howpublished = {\url{https://www.intelrealsense.com/tracking-camera-t265/}},
  url = {https://www.intelrealsense.com/tracking-camera-t265/}
}

@article{Hausamann:sr:2021,
  author = {P. {Hausamann} and C. {Sinnott} and M. {Daumer} and P. {Macneilage}},
  year = {2021},
  month = {06},
  pages = {12486},
  title = {Evaluation of the Intel RealSense T265 for tracking natural human head motion},
  volume = {11},
  journal = sr,
  doi = {10.1038/s41598-021-91861-5}
}

@misc{intel:d435i:,
  author = {{Intel}},
  title = {Intel{\myregistered} RealSense{\mytrademark} Depth Camera D435i},
  howpublished = {\url{https://www.intelrealsense.com/depth-camera-d435i/}},
  url = {https://www.intelrealsense.com/depth-camera-d435i/}
}

@misc{intel:l515:,
  author = {{Intel}},
  title = {Intel{\myregistered} RealSense{\mytrademark} LiDAR Camera L515},
  howpublished = {\url{https://www.intelrealsense.com/lidar-camera-l515/}},
  url = {https://www.intelrealsense.com/lidar-camera-l515/}
}

@misc{ouster:os1:,
  author = {{Ouster}},
  title = {High-resolution OS1 LiDAR sensor: robotics, trucking, mapping},
  howpublished = {\url{https://ouster.com/products/scanning-lidar/os1-sensor/}},
  url = {https://ouster.com/products/scanning-lidar/os1-sensor/}
}

@article{fernbach:itro:2020,
  TITLE = {{C-CROC: Continuous and Convex Resolution of Centroidal dynamic trajectories for legged robots in multi-contact scenarios}},
  AUTHOR = {P. {Fernbach} and S. {Tonneau} and O. {Stasse} and J. {Carpentier} and M. {Ta{\"i}x}},
  URL = {https://hal.laas.fr/hal-01894869},
  JOURNAL = itro,
  PUBLISHER = {{IEEE}},
  PAGES = {1-16},
  YEAR = {2020},
  DOI = {10.1109/TRO.2020.2964787},
  KEYWORDS = {Motion planning ; Multi contact locomotion ; centroidal dynamics ; legged robots ; Humanoid robots ; Index Terms-Multi contact locomotion ; motion planning},
  PDF = {https://hal.laas.fr/hal-01894869/file/CCROC_Fernbach.pdf},
  HAL_ID = {hal-01894869},
  HAL_VERSION = {v3},
}

@misc{blackman:rcr:2019,
  author = {J. {Blackman}},
  title = {``Yes, the driller has to drill, but it also has to compute'', and other Airbus rules for Indutry 4.0},
  journal = {RCR Wireless News},
  date = {2019-01-24},
  year = 2019,
  howpublished = {\url{https://www.rcrwireless.com/20190124/fundamentals/the-driller-has-to-drill-but}},
  url = {https://www.rcrwireless.com/20190124/fundamentals/the-driller-has-to-drill-but}
}

@inproceedings{tonneau:icra:2020,
  author={S. {Tonneau} and D. {Song} and P. {Fernbach} and N. {Mansard} and M. {Ta\"ix} and A. {Del Prete}},
  booktitle=icra, 
  title={SL1M: Sparse L1-norm Minimization for contact planning on uneven terrain}, 
  year={2020},
  volume={},
  number={},
  pages={6604-6610},
  doi={10.1109/ICRA40945.2020.9197371}
}

@article{zaidi:dsp:2022,
  title={A survey of modern deep learning based object detection models},
  author={S. S. A. {Zaidi} and M. S. {Ansari} and A. {Aslam} and N. {Kanwal} and M. {Asghar} and B. {Lee}},
  journal={Digital Signal Processing},
  pages={103514},
  year={2022},
  publisher={Elsevier}
}

@ARTICLE{zhang:pami:2022,
  author={D. {Zhang} and J. {Han} and G. {Cheng} and M.-H. {Yang}},
  journal=pami,
  title={Weakly Supervised Object Localization and Detection: A Survey}, 
  year={2022},
  volume={44},
  number={9},
  pages={5866-5885},
  doi={10.1109/TPAMI.2021.3074313}
}

@misc{lamiraux:pt:2022,
  author = {F. Lamiraux},
  title = {Accurate Pointing of holes in a party by localization using vision.},
  date = {02-02-2022},
  year = 2022,
  howpublished = {\url{https://peertube.laas.fr/w/hYitAMe96DP9iPuBjSYCc8}},
  url = {https://peertube.laas.fr/w/hYitAMe96DP9iPuBjSYCc8}
}

@ARTICLE{scaramuzza:ram:2011,
  author={D. {Scaramuzza} and F. {Fraundorfer}},
  journal=iram, 
  title={Visual Odometry [Tutorial]}, 
  year={2011},
  volume={18},
  number={4},
  pages={80-92},
  doi={10.1109/MRA.2011.943233}
}

@article{yousif:iis:2015,
  title={An overview to visual odometry and visual SLAM: Applications to mobile robotics},
  author={K. {Yousif} and A. {Bab-Hadiashar} and R. {Hoseinnezhad}},
  journal=iis,
  volume={1},
  number={4},
  pages={289--311},
  year={2015},
  publisher={Springer}
}

@article{murartal:tro:2015,
  title={{ORB-SLAM}: a Versatile and Accurate Monocular {SLAM} System},
  author={R. {Mur-Artal} and J. M. M. {Montiel} and J. D. {Tard\'os}},
  journal=itro,
  volume={31},
  number={5},
  pages={1147--1163},
  doi = {10.1109/TRO.2015.2463671},
  year={2015}
 }

 @INPROCEEDINGS{flayols:ichr:2017,
  author={R. {Flayols} and A. {Del Prete} and P. {Wensing} and A. {Mifsud} and M. {Benallegue} and O. {Stasse}},
  booktitle=huma, 
  title={Experimental evaluation of simple estimators for humanoid robots}, 
  year={2017},
  volume={},
  number={},
  pages={889-895},
  doi={10.1109/HUMANOIDS.2017.8246977}
}

@phdthesis{fourmy:these:2022,
  TITLE = {{State estimation and localization of legged robots : a tightly-coupled approach based on a-posteriori maximization}},
  AUTHOR = {M. {Fourmy}},
  URL = {https://theses.hal.science/tel-03715727},
  NUMBER = {2022ISAT0005},
  SCHOOL = {{INSA de Toulouse}},
  YEAR = {2022},
  MONTH = Mar,
  KEYWORDS = {Estimation ; Robot ; Localization ; Slam ; Legged robot ; Locomotion ; Estimation ; Robots ; Localisation ; Slam ; Robot quadrup{\`e}de et bip{\`e}de ; Locomotion},
  TYPE = {Theses},
  PDF = {https://theses.hal.science/tel-03715727/file/2022MedericFOURMY.pdf},
  HAL_ID = {tel-03715727},
  HAL_VERSION = {v1},
}

@article{escande:ras:2013,
  title = {Planning contact points for humanoid robots},
  journal = ras,
  volume = {61},
  number = {5},
  pages = {428-442},
  year = {2013},
  issn = {0921-8890},
  doi = {https://doi.org/10.1016/j.robot.2013.01.008},
  url = {https://www.sciencedirect.com/science/article/pii/S0921889013000213},
  author = {A. {Escande} and A. {Kheddar} and S {Miossec}},
  keywords = {Multi-contact planning, Humanoid robot, Posture optimization},
}

@INPROCEEDINGS{kanoulas:icra:2018,
  author={D. {Kanoulas} and A. {Stumpf} and V. S. {Raghavan} and C. {Zhou} and A. {Toumpa} and O. {Von Stryk} and D. G. {Caldwell} and N. G. {Tsagarakis}},
  booktitle=icra, 
  title={Footstep Planning in Rough Terrain for Bipedal Robots Using Curved Contact Patches}, 
  year={2018},
  volume={},
  number={},
  pages={4662-4669},
  doi={10.1109/ICRA.2018.8460561}
}

@article{Kanoulas:ras:2019,
  title={Curved patch mapping and tracking for irregular terrain modeling: Application to bipedal robot foot placement},
  author={D. {Kanoulas} and N. G. {Tsagarakis} and M. {Vona}},
  journal=ras,
  year={2019},
  volume={119},
  pages={13-30}
}

@INPROCEEDINGS{osswald:ichr:2011,
  author={S. {O{\ss}wald} and J.-S. {Gutmann} and A. {Hornung} and M. {Bennewitz}},
  booktitle=ichr, 
  title={From 3D point clouds to climbing stairs: A comparison of plane segmentation approaches for humanoids}, 
  year={2011},
  volume={},
  number={},
  pages={93-98},
  doi={10.1109/Humanoids.2011.6100836}
}

@article{gutmann:ijrr:2008,
  title={3D perception and environment map generation for humanoid robot navigation},
  author={J.-S. {Gutmann} and M. {Fukuchi} and M. {Fujita}},
  journal=ijrr,
  volume={27},
  number={10},
  pages={1117--1134},
  year={2008},
  publisher={SAGE Publications Sage UK: London, England}
}

@INPROCEEDINGS{Kida:ismc:2004,
  author={Y. {Kida} and S. {Kagami} and T. {Nakata} and M. {Kouchi} and H. {Mizoguchi}},
  booktitle=ismc, 
  title={Human finding and body property estimation by using floor segmentation and 3D labelling}, 
  year={2004},
  volume={3},
  number={},
  pages={2924-2929 vol.3},
  doi={10.1109/ICSMC.2004.1400777}
}

@inproceedings{deits:ichr:2014,
  title={Footstep planning on uneven terrain with mixed-integer convex optimization},
  author={R. {Deits} and R. {Tedrake}},
  booktitle=ichr,
  pages={279--286},
  year={2014},
  organization={IEEE}
}

@INPROCEEDINGS{seiwald:huma:2021,
  author={P. {Seiwald} and S.-C. {Wu} and F. {Sygulla} and T. F. C. {Berninger} and N.-S. {Staufenberg} and M. F. {Sattler} and N. {Neuburger} and D. {Rixen} and F. {Tombari}},
  booktitle=huma, 
  title={LOLA v1.1 – An Upgrade in Hardware and Software Design for Dynamic Multi-Contact Locomotion}, 
  year={2021},
  volume={},
  number={},
  pages={9-16},
  doi={10.1109/HUMANOIDS47582.2021.9555790}
}

@article{wahrmann:ijhr:2019,
  author={D. {Wahrmann} and A.-C. {Hildebrandt} and T. {Bates} and R. {Wittmann} and F. {Sygulla} and P. {Seiwald} and D. {Rixen}},
  title={Vision-based 3d modeling of unknown dynamic environments for real-time humanoid navigation},
  journal=ijhr,
  volume={16},
  number={01},
  pages={1950002},
  year={2019},
  publisher={World Scientific}
}

@INPROCEEDINGS{wu:3dv:2020,
  author={S.-C. {Wu} and K. {Tateno} and N. {Navab} and F. {Tombari}},
  booktitle=dv, 
  title={SCFusion: Real-time Incremental Scene Reconstruction with Semantic Completion}, 
  year={2020},
  volume={},
  number={},
  pages={801-810},
  doi={10.1109/3DV50981.2020.00090}
}

@INPROCEEDINGS{newcombe:ismar:2011,
  author={R. A. {Newcombe} and S. {Izadi} and O. {Hilliges} and D. {Molyneaux} and D. {Kim} and A. J. {Davison} and P. {Kohi} and J. {Shotton} and S. {Hodges} and A. {Fitzgibbon}},
  booktitle={2011 10th IEEE International Symposium on Mixed and Augmented Reality}, 
  title={KinectFusion: Real-time dense surface mapping and tracking}, 
  year={2011},
  volume={},
  number={},
  pages={127-136},
  doi={10.1109/ISMAR.2011.6092378}
}

@INPROCEEDINGS{griffin:huma:2019,
  author={R. J. {Griffin} and G. {Wiedebach} and S. {McCrory} and S. {Bertrand} and I. {Lee} and J. {Pratt}},
  booktitle={2019 IEEE-RAS 19th International Conference on Humanoid Robots (Humanoids)}, 
  title={Footstep Planning for Autonomous Walking Over Rough Terrain}, 
  year={2019},
  volume={},
  number={},
  pages={9-16},
  doi={10.1109/Humanoids43949.2019.9035046}
}

@INPROCEEDINGS{karkowski:icra:2016,
  author={P. {Karkowski} and M. {Bennewitz}},
  booktitle={2016 IEEE International Conference on Robotics and Automation (ICRA)}, 
  title={Real-time footstep planning using a geometric approach}, 
  year={2016},
  volume={},
  number={},
  pages={1782-1787},
  doi={10.1109/ICRA.2016.7487323}
}

@article{lim:jfr:2017,
author = {J. {Lim} and I. {Lee} and I. {Shim} and H. {Jung} and H. M. {Joe} and H. {Bae} and O. {Sim} and J. {Oh} and T. {Jung} and S. {Shin} and K. {Joo} and M. {Kim} and K. {Lee} and Y. {Bok} and D.-G. {Choi} and B. {Cho} and S. {Kim} and J. {Heo} and I. {Kim} and J. {Lee} and I. S. {Kwon} and J.-H. {Oh}},
title = {Robot System of DRC-HUBO+ and Control Strategy of Team KAIST in DARPA Robotics Challenge Finals},
journal = jfr,
volume = {34},
number = {4},
pages = {802-829},
doi = {https://doi.org/10.1002/rob.21673},
url = {https://drive.google.com/file/d/1rwLkj4RTcnYwAWdE8pFfRpdjDFswO6SR/view},
eprint = {https://onlinelibrary.wiley.com/doi/pdf/10.1002/rob.21673},
year = {2017}
}



@article{johnson:jfr:2017,
  author    = {M. {Johnson} and
               B. {Shrewsbury} and
               S. {Bertrand} and
               D. {Calvert} and
               T. {Wu} and
               D. {Duran} and
               D. {Stephen} and
               N. {Mertins} and
               J. {Carff} and
               W. {Rifenburgh} and
               J. {Smith} and
               C. {Schmidt{-}Wetekam} and
               D. {Faconti} and
               A. {Graber{-}Tilton} and
               N. {Eyssette} and
               T. {Meier} and
               I. {Kalkov} and
               T. {Craig} and
               N. {Payton} and
               S. {McCrory} and
               G. {Wiedebach} and
               B. {Layton} and
               P. D. {Neuhaus} and
               J. E. {Pratt}},
  title     = {Team IHMC's Lessons Learned from the {DARPA} Robotics Challenge: Finding
               Data in the Rubble},
  journal   = jfr,
  volume    = {34},
  number    = {2},
  pages     = {241--261},
  year      = {2017},
  url       = {https://www.researchgate.net/profile/Jerry-Pratt-2/publication/308340634_Team_IHMC's_Lessons_Learned_from_the_DARPA_Robotics_Challenge_Finding_Data_in_the_Rubble/links/5a9575d2aca27214056922b4/Team-IHMCs-Lessons-Learned-from-the-DARPA-Robotics-Challenge-Finding-Data-in-the-Rubble.pdf},
  doi       = {10.1002/rob.21674},
  timestamp = {Tue, 05 Dec 2017 15:15:38 +0100},
  biburl    = {https://dblp.org/rec/journals/jfr/JohnsonSBCWDSMC17.bib},
  bibsource = {dblp computer science bibliography, https://dblp.org}
}

@misc{hurst:spectrum:2019,
  author = {J. {Hurst}},
  title = {Building Robots That Can Go Where We Go},
  date = {2019-02-26},
  year = 2019,
  howpublished = {IEEE Spectrum: Technology, Engineering, and Science News, \url{https://spectrum.ieee.org/building-robots-that-can-go-where-we-go}},
  url = {https://spectrum.ieee.org/building-robots-that-can-go-where-we-go}
}
@misc{agility:yt:2023,
  author = {{Agility Robotics}},
  title = {ProMat 2023 Recap},
  date = {2023-03-28},
  year = 2023,
  howpublished = {\url{https://www.youtube.com/watch?v=RVQ68Iagnb0}},
  url = {https://www.youtube.com/watch?v=RVQ68Iagnb0}
}

@article{trevor:spme:2013,
  title={Efficient organized point cloud segmentation with connected components},
  author={A. J. B. {Trevor} and S. {Gedikli} and R. B. {Rusu} and H. I. {Christensen}},
  journal=spme,
  pages={pp--1},
  year={2013}
}

@article{niessner:tog:2013,
  title={Real-time 3D reconstruction at scale using voxel hashing},
  author={M. {Nie{\ss}ner} and M. {Zollh{\"o}fer} and S. {Izadi} and M. {Stamminger}},
  journal=acmtg,
  volume={32},
  number={6},
  pages={1--11},
  year={2013},
  publisher={ACM New York, NY, USA}
}

@INPROCEEDINGS{fallon:ichr:2015,
  author={M. {Fallon} and P. {Marion} and R. {Deits} and T. {Whelan} and M. {Antone} and J. {McDonald} and R. {Tedrake}},
  booktitle=ichr, 
  title={Continuous humanoid locomotion over uneven terrain using stereo fusion}, 
  year={2015},
  volume={},
  number={},
  pages={881-888},
  doi={10.1109/HUMANOIDS.2015.7363465}
}

@ARTICLE{zou:ieee:2023,
  author={Z. {Zou} and K. {Chen} and Z. {Shi} and Y. {Guo} and J. {Ye}},
  journal={Proceedings of the IEEE}, 
  title={Object Detection in 20 Years: A Survey}, 
  year={2023},
  volume={111},
  number={3},
  pages={257-276},
  doi={10.1109/JPROC.2023.3238524}
}

@InProceedings{Girshick:cvpr:2014,
  author = {R. {Girshick} and J. {Donahue} and T. {Darrell} and J. {Malik}},
  title = {Rich Feature Hierarchies for Accurate Object Detection and Semantic Segmentation},
  booktitle = cvpr,
  month = {June},
  year = {2014}
}

@ARTICLE{Girshick:pami:2016,
  author = {R. {Girshick} and J. {Donahue} and T. {Darrell} and J. {Malik}},
  journal=pami, 
  title={Region-Based Convolutional Networks for Accurate Object Detection and Segmentation}, 
  year={2016},
  volume={38},
  number={1},
  pages={142-158},
  doi={10.1109/TPAMI.2015.2437384}
}
@ARTICLE{he:pami:2015,
  author={K. {He} and X. {Zhang} and S. {Ren} and J. {Sun}},
  journal=pami, 
  title={Spatial Pyramid Pooling in Deep Convolutional Networks for Visual Recognition}, 
  year={2015},
  volume={37},
  number={9},
  pages={1904-1916},
  doi={10.1109/TPAMI.2015.2389824}
}

@InProceedings{Girshick:iccv:2015,
author = {R. {Girshick}},
title = {Fast R-CNN},
booktitle = iccv,
month = {December},
year = {2015}
}

@inproceedings{ren:nips:2015,
 author = {S. {Ren} and K. {He} and R. {Girshick} and J. {Sun}},
 booktitle = nips,
 editor = {C. Cortes and N. Lawrence and D. Lee and M. Sugiyama and R. Garnett},
 pages = {},
 publisher = {Curran Associates, Inc.},
 title = {Faster R-CNN: Towards Real-Time Object Detection with Region Proposal Networks},
 url = {https://proceedings.neurips.cc/paper_files/paper/2015/file/14bfa6bb14875e45bba028a21ed38046-Paper.pdf},
 volume = {28},
 year = {2015}
}

@InProceedings{lin:cvpr:2017,
  author = {T.-Y. {Lin} and P. {Dollar} and R. {Girshick} and K. {He} and B. {Hariharan} and S. {Belongie}},
  title = {Feature Pyramid Networks for Object Detection},
  booktitle = cvpr,
  month = {July},
  year = {2017}
}

@article{bochkovskiy:arxiv:2020,
  title={Yolov4: Optimal speed and accuracy of object detection},
  author={A. {Bochkovskiy} and C.-Y. {Wang} and H.-Y. M. {Liao}},
  journal={arXiv preprint arXiv:2004.10934},
  year={2020}
}

@article{redmon:arxiv:2018,
  title={Yolov3: An incremental improvement},
  author={J. {Redmon} and A. {Farhadi}},
  journal={arXiv preprint arXiv:1804.02767},
  year={2018}
}

@inproceedings{redmon:cvpr:2017,
  title={YOLO9000: better, faster, stronger},
  author={J. {Redmon} and A. {Farhadi}},
  booktitle=cvpr,
  pages={7263--7271},
  year={2017}
}

@inproceedings{liu:eccv:2016,
  title={Ssd: Single shot multibox detector},
  author={W. {Liu} and D. {Anguelov} and D. {Erhan} and C. {Szegedy} and S. {Reed} and C.-Y. {Fu} and A. C. {Berg}},
  booktitle=eccv,
  pages={21--37},
  year={2016},
  organization={Springer}
}

@inproceedings{lin:iccv:2017,
  title={Focal loss for dense object detection},
  author={T.-Y. {Lin} and P. {Goyal} and R. {Girshick} and K. {He} and P. {Doll{\'a}r}},
  booktitle=iccv,
  pages={2980--2988},
  year={2017}
}

@inproceedings{law:eccv:2018,
  title={Cornernet: Detecting objects as paired keypoints},
  author={H. {Law} and J. {Deng}},
  booktitle=eccv,
  pages={734--750},
  year={2018}
}

@article{zhou:arxiv:2019,
  title={Objects as points},
  author={X. {Zhou} and D. {Wang} and P. Kr{{\"a}henb{\"u}hl}},
  journal={arXiv preprint arXiv:1904.07850},
  year={2019}
}

@inproceedings{zhou:cvpr:2019,
  title={Bottom-up object detection by grouping extreme and center points},
  author={X. {Zhou} and J. {Zhuo} and P. Kr{{\"a}henb{\"u}hl}},
  booktitle=cvpr,
  pages={850--859},
  year={2019}
}

@inproceedings{hodavn:eccv:2020,
  title={BOP challenge 2020 on 6D object localization},
  author={T. {Hoda{\v{n}}} and M. {Sundermeyer} and B. {Drost} and Y. {Labb{\'e}} and E. {Brachmann} and F. {Michel} and C. {Rother} and J. {Matas}},
  booktitle=eccv,
  pages={577--594},
  year={2020},
  organization={Springer}
}

@article{sundermeyer:arxiv:2023,
  title={Bop challenge 2022 on detection, segmentation and pose estimation of specific rigid objects},
  author={M. {Sundermeyer} and T. {Hodan} and Y. {Labbe} and G. {Wang} and E. {Brachmann} and B. {Drost} and C. {Rother} and J. Matas},
  journal={arXiv preprint arXiv:2302.13075},
  year={2023}
}

@INPROCEEDINGS{drost:cvpr:2010,
  author={B. {Drost} and M. {Ulrich} and N. {Navab} and S. {Ilic}},
  booktitle=cvpr, 
  title={Model globally, match locally: Efficient and robust 3D object recognition}, 
  year={2010},
  volume={},
  number={},
  pages={998-1005},
  doi={10.1109/CVPR.2010.5540108}
}

@Article{vidal:sensors:2018,
AUTHOR = {J. {Vidal} and C.-Y. {Lin} and X. {Lladó} and R. {Martí}},
TITLE = {A Method for 6D Pose Estimation of Free-Form Rigid Objects Using Point Pair Features on Range Data},
JOURNAL = {Sensors},
VOLUME = {18},
YEAR = {2018},
NUMBER = {8},
ARTICLE-NUMBER = {2678},
URL = {https://www.mdpi.com/1424-8220/18/8/2678},
PubMedID = {30111697},
ISSN = {1424-8220},
DOI = {10.3390/s18082678}
}

@inproceedings{hodavn:icip:2019,
  title={Photorealistic image synthesis for object instance detection},
  author={T. {Hoda{\v{n}}} and V. {Vineet} and R. {Gal} and E. {Shalev} and J. {Hanzelka} and T. {Connell} and P. {Urbina} and S. N. {Sinha} and B. {Guenter}},
  booktitle=icip,
  pages={66--70},
  year={2019},
  organization={IEEE}
}

@inproceedings{denninger:rss:2020,
  title={Blenderproc: Reducing the reality gap with photorealistic rendering},
  author={M. {Denninger} and M. {Sundermeyer} and D. {Winkelbauer} and D. {Olefir} and T. {Hodan} and Y. {Zidan} and M. {Elbadrawy} and M. {Knauer} and H. {Katam} and A. {Lodhi}},
  booktitle=rss,
  year={2020}
}

@inproceedings{konig:eccvw:2020,
  title={A hybrid approach for 6DoF pose estimation},
  author={R. {K{\"o}nig} and B. {Drost}},
  booktitle=eccvw,
  year={2020}
}
@inproceedings{konig:eccv:2021,
  title={A hybrid approach for 6DoF pose estimation},
  author={R. {K{\"o}nig} and B. {Drost}},
  booktitle=eccv,
  pages={700--706},
  year={2021},
  organization={Springer}
}

@inproceedings{park:iccv:2019,
  title={Pix2pose: Pixel-wise coordinate regression of objects for 6d pose estimation},
  author={K. {Park} and T. {Patten} and M. {Vincze}},
  booktitle=iccv,
  pages={7668--7677},
  year={2019}
}

@inproceedings{li:eccv:2018,
  title={Deepim: Deep iterative matching for 6d pose estimation},
  author={Y. {Li} and G. {Wang} and X. {Ji} and Y. {Xiang} and D. {Fox}},
  booktitle=eccv,
  pages={683--698},
  year={2018}
}

@inproceedings{kehl:iccv:2017,
  title={Ssd-6d: Making rgb-based 3d detection and 6d pose estimation great again},
  author={W. {Kehl} and F. {Manhardt} and F. {Tombari} and S. {Ilic} and N. {Navab}},
  booktitle=iccv,
  pages={1521--1529},
  year={2017}
}

@inproceedings{labbe:corl:2022,
  title = {{{MegaPose}}: {{6D Pose Estimation}} of {{Novel Objects}} via {{Render}} \& {{Compare}}},
  booktitle = corl,
  author = {Y. {Labb{\'e}} and L. {Manuelli} and A. {Mousavian} and S. {Tyree} and S. {Birchfield} and J. {Tremblay} and J. {Carpentier} and M. {Aubry} and D. {Fox} and J. {Sivic}},
  year = {2022},
}

@misc{rsl:github:2021,
  author = {Robotic Systems Lab - Legged Robotics at {ETH Zürich}},
  title = {icp{\_}localization - Localization using ICP in a known map},
  date = {},
  year = 2021,
  howpublished = {GitHub, \url{https://github.com/leggedrobotics/icp_localization}},
  url = {https://github.com/leggedrobotics/icp_localization}
}

@misc{happypose:github:2023,
  author = {Agimus-Project},
  title = {HappyPose},
  date = {},
  year = 2022,
  howpublished = {GitHub, \url{https://github.com/agimus-project/happypose}},
  url = {https://github.com/agimus-project/happypose}
}

@misc{gputainer:github:2022,
  author = {D. {Gauchard} and E. {Ma{\^i}tre}},
  title = {gputainer},
  date = {},
  year = 2022,
  howpublished = {GitHub, \url{https://github.com/d-a-v/gputainer}},
  url = {https://github.com/d-a-v/gputainer}
}

@inproceedings{zhou:eccv:2016,
  title={Fast global registration},
  author={Q.-Y. {Zhou} and J. {Park} and V. {Koltun}},
  booktitle=eccv,
  pages={766--782},
  year={2016},
  organization={Springer}
}

@article{li:sensors:2021,
  title={Efficient 3d object recognition from cluttered point cloud},
  author={W. {Li} and H. {Cheng} and X. {Zhang}},
  journal={Sensors},
  volume={21},
  number={17},
  pages={5850},
  year={2021},
  publisher={MDPI}
}

@article{yang:itro:2020,
  title={Teaser: Fast and certifiable point cloud registration},
  author={H. {Yang} and J. {Shi} and L. {Carlone}},
  journal=itro,
  volume={37},
  number={2},
  pages={314--333},
  year={2020},
  publisher={IEEE}
}

@inproceedings{zhou:2019:cvpr,
  title={On the continuity of rotation representations in neural networks},
  author={Y. {Zhou} and C. {Barnes} and J. {Lu} and J. {Yang} and H. {Li}},
  booktitle=cvpr,
  pages={5745--5753},
  year={2019}
}

@book{Goodfellow::2016,
  title={Deep Learning},
  author={I. {Goodfellow} and Y. {Bengio} and A. {Courville}},
  publisher={MIT Press},
  note={\url{http://www.deeplearningbook.org}},
  year={2016}
}

@book{chollet::2021,
  title={Deep Learning with Python},
  author={F. {Chollet}},
  publisher={Manning Publications},
  year={2021}
}

@book{trask::2021,
  title={Grokking Deep Learning},
  author={A. W. {Trask}},
  publisher={Manning Publications},
  year={2019}
}

@article{higham:siam:2019,
  author = {C. F. {Higham} and D. J. {Higham}},
  title = {Deep Learning: An Introduction for Applied Mathematicians},
  journal = {SIAM Review},
  volume = {61},
  number = {4},
  pages = {860-891},
  year = {2019},
  doi = {10.1137/18M1165748},
  URL = {https://doi.org/10.1137/18M1165748},
  eprint = {https://doi.org/10.1137/18M1165748}
}

@INPROCEEDINGS{raposo:icra:2017,
  author={C. {Raposo} and J. P. {Barreto}},
  booktitle=icra,
  title={Using 2 point+normal sets for fast registration of point clouds with small overlap},
  year={2017},
  volume={},
  number={},
  pages={5652-5658},
  doi={10.1109/ICRA.2017.7989664}
}

@article{rodrigues:htl:2019,
  title={Deep segmentation leverages geometric pose estimation in computer-aided total knee arthroplasty},
  author={P. {Rodrigues} and M. {Antunes} and C. {Raposo} and P. {Marques} and F. {Fonseca} and J. P. {Barreto}},
  journal=htl,
  volume={6},
  number={6},
  pages={226--230},
  year={2019},
  publisher={Wiley Online Library}
}

@InProceedings{wang:cvpr:2021,
    title     = {{GDR-Net}: Geometry-Guided Direct Regression Network for Monocular 6D Object Pose Estimation},
    author    = {G. {Wang} and F. {Manhardt} and F. {Tombari} and X. {Ji}},
    booktitle = cvpr,
    month     = {June},
    year      = {2021},
    pages     = {16611-16621}
}

@inproceedings{hu:eccv:2022,
  title={Perspective flow aggregation for data-limited 6d object pose estimation},
  author={Y. {Hu} and P. {Fua} and M. {Salzmann}},
  booktitle=eccv,
  pages={89--106},
  year={2022},
  organization={Springer}
}

@inproceedings{wu:3dv:2022,
    title = {Keypoint Cascade Voting for Point Cloud Based 6DoF Pose Estimation},
    author = {Y. {Wu} and A. {Javaheri} and M. {Zand} and M. {Greenspan}},
    booktitle = dv,
    year = {2022},
    organization={IEEE}
}

@misc{jelavic:eth:2021,
  author = {E. {Jelavic}},
  url = {https://github.com/leggedrobotics/icp_localization},
  howpublished = {\url{https://github.com/leggedrobotics/icp_localization}},
  title = {{Localization using ICP in a known map}},
  year = {2021},
}

@misc{abouelaziz:arxiv:2024,
      title={A Framework for Building Point Cloud Cleaning, Plane Detection and Semantic Segmentation}, 
      author={I. {Abouelaziz} and Y. {Mourchid}},
      year={2024},
      eprint={2402.00692},
      archivePrefix={arXiv},
      primaryClass={cs.CV},
      url={https://arxiv.org/abs/2402.00692}, 
}

@article{achour:as:2022,
  title={Collaborative mobile robotics for semantic mapping: A survey},
  author={A. {Achour} and H. {Al-Assaad} and Y. {Dupuis} and M. {El Zaher}},
  journal={Applied Sciences},
  volume={12},
  number={20},
  pages={10316},
  year={2022},
  publisher={MDPI}
}

@inproceedings{achour:gretsi:2023,
  author={A. {Achour} and H. {Al-Assaad} and Y. {Dupuis} and M. {El Zaher}},
  title={Solution de g{\'e}n{\'e}ration de formes 2D d'objets bas{\'e}e sur des connaissances pr{\'e}alables pour la cartographie s{\'e}mantique},
  booktitle={gretsi},
  year={2023}
}

@article{yang:arxiv:2022,
  title={3D ToF LiDAR in mobile robotics: A review},
  author={T. {Yang} and Y. {Li} and C. {Zhao} and D. {Yao} and G. {Chen} and L. {Sun} and T. {Krajnik} and Z. {Yan}},
  journal={arXiv preprint arXiv:2202.11025},
  year={2022}
}

@inproceedings{ester:ickddm:1996,
author = {M. {Ester} and H.-P. {Kriegel} and J. {Sander} and X. {Xu}},
title = {A density-based algorithm for discovering clusters in large spatial databases with noise},
year = {1996},
publisher = {AAAI Press},
booktitle = {Int. Conf. on Knowledge Discovery and Data Mining},
pages = {226–231},
numpages = {6},
location = {Portland, Oregon},
series = {KDD'96}
}

@INPROCEEDINGS{bogoslavskyi:iros:2016,
  author={I. {Bogoslavskyi} and C. {Stachniss}},
  booktitle=iros, 
  title={Fast range image-based segmentation of sparse 3D laser scans for online operation}, 
  year={2016},
  volume={},
  number={},
  pages={163-169},
  keywords={Three-dimensional displays;Image segmentation;Measurement by laser beam;Laser beams;Robots;Sensors;Automobiles},
  doi={10.1109/IROS.2016.7759050}
}

@INPROCEEDINGS{zermas:icra:2017,
  author={D. {Zermas} and I. {Izzat} and N. {Papanikolopoulos}},
  booktitle=icra, 
  title={Fast segmentation of 3D point clouds: A paradigm on LiDAR data for autonomous vehicle applications}, 
  year={2017},
  volume={},
  number={},
  pages={5067-5073},
  keywords={Three-dimensional displays;Laser radar;Clustering algorithms;Surface treatment;Autonomous vehicles;Automobiles;Pipelines},
  doi={10.1109/ICRA.2017.7989591}
}

@phdthesis{rusu:these:2009,
  TITLE = {{Semantic 3D object maps for everyday manipulation in human living environments}},
  AUTHOR = {R. B. {Rusu}},
  SCHOOL = {{Computer Science department, Technische Universit\"at M\"uchen, Germany}},
  YEAR = {2009}
}

@misc{hough::1962,
  title={Method and means for recognizing complex patterns},
  author={P. V. C. {Hough}},
  year={1962},
  month=dec # "~18",
  publisher={Google Patents},
  note={US Patent 3,069,654}
}

@inproceedings{hu:cvpr:2020,
  title={{RandLA-Net: Efficient Semantic Segmentation of Large-Scale Point Clouds}}, 
  author={Q. {Hu} and B. {Yang} and L. {Xie} and S. {Rosa} and Y. {Guo} and Z. {Wang} and N. {Trigoni} and A. {Markham}},
  year={2020},
  booktitle=cvpr
}

@INPROCEEDINGS{wang:eecr:2023,
  author={F. {Wang} and C. {Sun} and G. {Zhong} and W. {Liang}},
  booktitle={Int. Conf. on Electrical Engineering, Control and Robotics (EECR)}, 
  title={Semantic and Moving Object Segmentation-assisted LiDAR Odometry and Mapping}, 
  year={2023},
  volume={},
  number={},
  pages={267-273},
  keywords={Point cloud compression;Laser radar;Simultaneous localization and mapping;Semantic segmentation;Semantics;Pose estimation;Object segmentation;LiDAR SLAM;autonomous vehicles;semantic segmentation;moving object segmentation;convolutional neural networks},
  doi={10.1109/EECR56827.2023.10150083}
}

@misc{xu:arxiv:2021,
      title={{RPVNet: A Deep and Efficient Range-Point-Voxel Fusion Network for LiDAR Point Cloud Segmentation}}, 
      author={J. {Xu} and R. {Zhang} and J. {Dou} and Y. {Zhu} and J. {Sun} and S. {Pu}},
      year={2021},
      eprint={2103.12978},
      archivePrefix={arXiv},
      primaryClass={cs.CV},
      url={https://arxiv.org/abs/2103.12978}, 
}

@INPROCEEDINGS{khaled:icarce:2023,
  author={A. {Khaled} and O. {Shalash} and O. {Ismaeil}},
  booktitle={Int. Conf. on Automation, Robotics and Computer Engineering (ICARCE)}, 
  title={Multiple Objects Detection and Localization using Data Fusion}, 
  year={2023},
  volume={},
  number={},
  pages={1-6},
  keywords={Location awareness;YOLO;Three-dimensional displays;Laser radar;Object detection;Cameras;Video surveillance;Multiple objects detection;YOLO;2D LiDAR;sensor fusion;surveillance},
  doi={10.1109/ICARCE59252.2024.10492609}
}

@INPROCEEDINGS{wu:icra:2018,
  author={B. {Wu} and A. {Wan} and X. {Yue} and K. {Keutzer}},
  booktitle=icra, 
  title={{SqueezeSeg: Convolutional Neural Nets with Recurrent CRF for Real-Time Road-Object Segmentation from 3D LiDAR Point Cloud}}, 
  year={2018},
  volume={},
  number={},
  pages={1887-1893},
  keywords={Three-dimensional displays;Laser radar;Computational modeling;Pipelines;Autonomous vehicles;Semantics;Clustering algorithms},
  doi={10.1109/ICRA.2018.8462926}
}


@InProceedings{shi:cvpr:2019,
  author = {S. {Shi} and X. {Wang} and H. {Li}},
  title = {{PointRCNN: 3D Object Proposal Generation and Detection From Point Cloud}},
  booktitle = cvpr,
  month = {June},
  year = {2019}
}

@article{maddern:ijrr:2017,
  Author = {W. {Maddern} and G. {Pascoe} and C. {Linegar} and P. {Newman}},
  Title = {{1 Year, 1000km: The Oxford RobotCar Dataset}},
  Journal = ijrr,
  Volume = {36},
  Number = {1},
  Pages = {3-15},
  Year = {2017},
  doi = {10.1177/0278364916679498},
  URL =
  {http://dx.doi.org/10.1177/0278364916679498},
  eprint =
  {http://ijr.sagepub.com/content/early/2016/11/28/0278364916679498.full.pdf+html},
  Pdf = {http://robotcar-dataset.robots.ox.ac.uk/images/robotcar_ijrr.pdf}
}

@inproceedings{geiger:cvpr:2012,
  author = {A. {Geiger} and P. {Lenz} and R. {Urtasun}},
  title = {{Are we ready for Autonomous Driving? The KITTI Vision Benchmark Suite}},
  booktitle = cvpr,
  year = {2012}
}

@article{geiger:ijrr:2013,
  author = {A. {Geiger} and P. {Lenz} and C. {Stiller} and R. {Urtasun}},
  title = {{Vision meets Robotics: The KITTI Dataset}},
  journal = ijrr,
  year = {2013}
} 